@article{evans,
    title={Computer ``experiment'' for nonlinear thermodynamics of Couette flow},
    author={D.J.Evans},
    journal={Journal of Chemical Physics},
    volume={78},
    number={3297},
    year={1983}
}

@article{bere,
    title={Molecular dynamics with coupling to an external bath},
    author={H J C Berendsen and Johan P M Postma and W F Van Gunsteren and A Dinola and J R Haak},
    journal={Journal of Chemical Physics},
    volume={91},
    year={1984}
}
